<collection xmlns="http://www.loc.gov/MARC21/slim">
<record>
  <leader>01911nam0a2200313 i 450 </leader>
  <controlfield tag="001">IT\ICCU\CNCE\040682</controlfield>
  <controlfield tag="005">20200612000000.0</controlfield>
  <datafield tag="012" ind1=" " ind2=" ">
    <subfield code="a">o-e, ijte e-r- Peco (3) 1595 (A)</subfield>
    <subfield code="2">fei</subfield>
  </datafield>
  <datafield tag="100" ind1=" " ind2=" ">
    <subfield code="a">19981119d1595        0itac0103    ba</subfield>
  </datafield>
  <datafield tag="101" ind1=" " ind2=" ">
    <subfield code="a">ITA</subfield>
  </datafield>
  <datafield tag="102" ind1=" " ind2=" ">
    <subfield code="a">IT</subfield>
  </datafield>
  <datafield tag="200" ind1="1" ind2=" ">
    <subfield code="a">Esercitatorio della vita spirituale che contiene esercizij della via purgatiua, illuminatiua, e vnitiua: e della vita passione, e morte del Saluator nostro Giesu Cristo. Con vn&apos;aggiunta di tutti i pij affetti, che si sogliono hauere nella orazione. Operadel r.p. Grazia Cisneros abate del monastero della madonna di Monferrato. Tradotta dalla lingua spagnuola, dal caualiere fra Giulio Zanchini da Castiglionchio</subfield>
  </datafield>
  <datafield tag="210" ind1=" " ind2=" ">
    <subfield code="a">In Firenze</subfield>
    <subfield code="c">appresso gli heredi di Iacopo Giunti</subfield>
    <subfield code="d">1595</subfield>
    <subfield code="e">In Fiorenza</subfield>
    <subfield code="g">appreso gli eredi di Iacopo Giunti</subfield>
    <subfield code="h">1595</subfield>
  </datafield>
  <datafield tag="215" ind1=" " ind2=" ">
    <subfield code="a">108 c.</subfield>
    <subfield code="d">12ʻ</subfield>
  </datafield>
  <datafield tag="620" ind1=" " ind2=" ">
    <subfield code="a">IT</subfield>
    <subfield code="d">Firenze</subfield>
  </datafield>
  <datafield tag="700" ind1=" " ind2="1">
    <subfield code="a">Cisneros,</subfield>
    <subfield code="b">Garca̕ : de</subfield>
    <subfield code="3">IT\ICCU\CNCA\011165</subfield>
  </datafield>
  <datafield tag="702" ind1=" " ind2="1">
    <subfield code="a">Zanchini,</subfield>
    <subfield code="b">Giulio</subfield>
    <subfield code="3">IT\ICCU\CNCA\000249</subfield>
  </datafield>
  <datafield tag="712" ind1="0" ind2="0">
    <subfield code="a">Giunta, Iacopo</subfield>
    <subfield code="c"> &lt;2.&gt; - eredi</subfield>
    <subfield code="3">IT\ICCU\CNCT\000577</subfield>
    <subfield code="4">650</subfield>
  </datafield>
  <datafield tag="790" ind1=" " ind2="1">
    <subfield code="a">Jimňez de Cisneros,</subfield>
    <subfield code="b">Garcia</subfield>
    <subfield code="3">IT\ICCU\CNCA\028066</subfield>
    <subfield code="z">Cisneros, Garca̕ : de</subfield>
  </datafield>
  <datafield tag="790" ind1=" " ind2="1">
    <subfield code="a">Zanchini,</subfield>
    <subfield code="b">Giulio : da#Castiglionchio</subfield>
    <subfield code="3">IT\ICCU\CNCA\015094</subfield>
    <subfield code="z">Zanchini, Giulio</subfield>
  </datafield>
  <datafield tag="791" ind1="0" ind2="0">
    <subfield code="a">Giunti, Iacopo</subfield>
    <subfield code="c"> &lt;2.&gt; - eredi</subfield>
    <subfield code="3">IT\ICCU\CNCT\004924</subfield>
    <subfield code="z">Giunta, Iacopo &lt;2.&gt; - eredi</subfield>
  </datafield>
  <datafield tag="801" ind1=" " ind2="3">
    <subfield code="a">IT</subfield>
    <subfield code="b">ICCU</subfield>
    <subfield code="c">20201114</subfield>
  </datafield>
  <datafield tag="899" ind1=" " ind2=" ">
    <subfield code="a">Pontificia Biblioteca Antoniana. Padova</subfield>
    <subfield code="1">EX0020</subfield>
    <subfield code="2">PUV 78</subfield>
  </datafield>
  <datafield tag="899" ind1=" " ind2=" ">
    <subfield code="a">Biblioteca nazionale centrale. Firenze</subfield>
    <subfield code="1">FI0098</subfield>
    <subfield code="2">CFI CF</subfield>
  </datafield>
  <datafield tag="899" ind1=" " ind2=" ">
    <subfield code="a">Biblioteca nazionale centrale. Roma</subfield>
    <subfield code="1">RM0267</subfield>
    <subfield code="2">BVE CR</subfield>
  </datafield>
  <datafield tag="911" ind1=" " ind2=" ">
    <subfield code="a">Sul front.</subfield>
    <subfield code="9">IT\ICCU\CNCM\001578</subfield>
  </datafield>
  <datafield tag="911" ind1=" " ind2=" ">
    <subfield code="a">Nel coloph.</subfield>
    <subfield code="9">IT\ICCU\CNCM\001099</subfield>
  </datafield>
  <datafield tag="921" ind1=" " ind2=" ">
    <subfield code="a">IT\ICCU\CNCM\001578</subfield>
    <subfield code="b">Giglio fiorentino in scudo affiancato da due figure. In basso panorama</subfield>
    <subfield code="c">U474</subfield>
    <subfield code="d">Dimensioni: 2,2 x 2,7</subfield>
    <subfield code="f">GIGLIO</subfield>
    <subfield code="g">1570-1599</subfield>
  </datafield>
  <datafield tag="921" ind1=" " ind2=" ">
    <subfield code="a">IT\ICCU\CNCM\001099</subfield>
    <subfield code="b">Giglio fiorentino</subfield>
    <subfield code="c">U142</subfield>
    <subfield code="d">Dimensioni: 2,2 x 3,3</subfield>
    <subfield code="f">GIGLIO</subfield>
    <subfield code="g">1556-1596</subfield>
  </datafield>
</record>
</collection>
